@article{equalization,
  author  = {Omprakash Patel, Yogendra P. S. Maravi and Sanjeev Sharma},
  journal = {Signal Image \& Processing : An International Journal},
  year    = {2013},
  title   = {Comparative study of histogram equalization based image enhancement techniques for brightness preservation and contrast enhancement},
  url     = {https://arxiv.org/pdf/1311.4033.pdf},
  volume  = {4},
  number  = {5},
  note    = {Cornell University Open Archive}
}